<record><leader>00000cas a22000007a 4500</leader><controlfield tag="001">19226992</controlfield><controlfield tag="008">890216d18821896pauwr ne      0    0eng d</controlfield><datafield ind1=" " ind2=" " tag="010"><subfield code="a">sn 89077603 </subfield></datafield><datafield ind1=" " ind2=" " tag="040"><subfield code="a">NPH</subfield><subfield code="b">eng</subfield><subfield code="c">NPH</subfield><subfield code="d">OCLCQ</subfield></datafield><datafield ind1=" " ind2=" " tag="042"><subfield code="a">msc</subfield></datafield><datafield ind1="0" ind2="0" tag="245"><subfield code="a">Grove City telephone.</subfield></datafield><datafield ind1=" " ind2=" " tag="260"><subfield code="a">Grove City, Pa. :</subfield><subfield code="b">Little &amp; Moore</subfield></datafield><datafield ind1=" " ind2=" " tag="300"><subfield code="a">v. ;</subfield><subfield code="c">58 cm.</subfield></datafield><datafield ind1=" " ind2=" " tag="310"><subfield code="a">Weekly</subfield></datafield><datafield ind1="1" ind2=" " tag="362"><subfield code="a">Began in 1882; ceased in 1896?</subfield></datafield><datafield ind1=" " ind2=" " tag="500"><subfield code="a">Publisher: C.F. Lawrence &amp; Sons, &lt;1897&gt;.</subfield></datafield><datafield ind1=" " ind2=" " tag="515"><subfield code="a">Issues for &lt;June 28, 1889&gt; called also &lt;old ser. v. 9, no. 48&gt;.</subfield></datafield><datafield ind1=" " ind2=" " tag="588"><subfield code="a">Description based on: New ser. v. 7, no. 48 (June 28, 1889).</subfield></datafield><datafield ind1=" " ind2=" " tag="752"><subfield code="a">United States</subfield><subfield code="b">Pennsylvania</subfield><subfield code="c">Mercer</subfield><subfield code="d">Grove City.</subfield></datafield><datafield ind1="0" ind2="0" tag="780"><subfield code="t">Pine Grove telephone</subfield></datafield><datafield ind1="0" ind2="0" tag="785"><subfield code="t">Grove City reporter</subfield><subfield code="w">(DLC)sn 89077602</subfield></datafield></record>